@article{Furrer+Nychka:2007,
  title={A framework to understand the asymptotic properties of kriging and splines},
  author={Furrer, Eva M and Nychka, Douglas W},
  journal={Journal of the Korean Statistical Society},
  volume={36},
  number={1},
  pages={57--76},
  year={2007}
}

@article{Burt+Rasmussen+vanderWilk:2019,
  title={Explicit Rates of Convergence for Sparse Variational Inference in {Gaussian} Process Regression},
  author={Burt, David and Rasmussen, Carl Edward and van der Wilk, Mark},
  journal={arXiv preprint arXiv:1903.03571},
  year={2019}
}

@book{rasmussen2006gaussian,
  title={Gaussian process for machine learning},
  author={Rasmussen, Carl Edward and Williams, Christopher KI},
  year={2006},
  publisher={MIT press}
}

@article{solin2018hilbert,
  title={Hilbert space methods for reduced-rank Gaussian process regression},
  author={Solin, Arno and S{\"a}rkk{\"a}, Simo},
  journal={arXiv preprint arXiv:1401.5508},
  year={2018}
}

@inproceedings{snelson2007local,
  title={Local and global sparse Gaussian process approximations},
  author={Snelson, Edward and Ghahramani, Zoubin},
  booktitle={Artificial Intelligence and Statistics},
  pages={524--531},
  year={2007}
}

@inproceedings{urtasun2008sparse,
  title={Sparse probabilistic regression for activity-independent human pose inference},
  author={Urtasun, Raquel and Darrell, Trevor},
  booktitle={Computer Vision and Pattern Recognition, 2008. CVPR 2008. IEEE Conference on},
  pages={1--8},
  year={2008},
  organization={IEEE}
}

@article{quinonero2005unifying,
  title={A unifying view of sparse approximate Gaussian process regression},
  author={Qui{\~n}onero-Candela, Joaquin and Rasmussen, Carl Edward},
  journal={Journal of Machine Learning Research},
  volume={6},
  number={Dec},
  pages={1939--1959},
  year={2005}
}

@article{bui2017unifying,
  title={A unifying framework for Gaussian process pseudo-point approximations using power expectation propagation},
  author={Bui, Thang D and Yan, Josiah and Turner, Richard E},
  journal={The Journal of Machine Learning Research},
  volume={18},
  number={1},
  pages={3649--3720},
  year={2017},
  publisher={JMLR. org}
}

@article{arthur1979baker,
  title={Baker CTH, The Numerical Treatment of Integral Equations (Clarendon Press; Oxford University Press, 1978), xiv+ 1034 pp.,{\pounds} 22--50.},
  author={Arthur, DW},
  journal={Proceedings of the Edinburgh Mathematical Society},
  volume={22},
  number={1},
  pages={67--67},
  year={1979},
  publisher={Cambridge University Press}
}

@inproceedings{williams2001using,
  title={Using the Nystr{\"o}m method to speed up kernel machines},
  author={Williams, Christopher KI and Seeger, Matthias},
  booktitle={Advances in neural information processing systems},
  pages={682--688},
  year={2001}
}

@inproceedings{smola2001sparse,
  title={Sparse greedy Gaussian process regression},
  author={Smola, Alex J and Bartlett, Peter L},
  booktitle={Advances in neural information processing systems},
  pages={619--625},
  year={2001}
}

@article{ro2001sparse,
  title={Sparse Online Gaussian Processes},
  author={Ro, Lehel Csat and Opper, Manfred},
  journal={Neural Comput.},
  volume={14},
  pages={641--668},
  year={2001}
}

@inproceedings{seeger2003fast,
  title={Fast forward selection to speed up sparse Gaussian process regression},
  author={Seeger, Matthias and Williams, Christopher and Lawrence, Neil},
  booktitle={Artificial Intelligence and Statistics 9},
  number={EPFL-CONF-161318},
  year={2003}
}

@inproceedings{titsias2009variational,
  title={Variational learning of inducing variables in sparse Gaussian processes},
  author={Titsias, Michalis},
  booktitle={Artificial Intelligence and Statistics},
  pages={567--574},
  year={2009}
}

@inproceedings{snelson2006sparse,
  title={Sparse Gaussian processes using pseudo-inputs},
  author={Snelson, Edward and Ghahramani, Zoubin},
  booktitle={Advances in neural information processing systems},
  pages={1257--1264},
  year={2006}
}

@article{hensman2013gaussian,
  title={Gaussian processes for big data},
  author={Hensman, James and Fusi, Nicolo and Lawrence, Neil D},
  journal={arXiv preprint arXiv:1309.6835},
  year={2013}
}

@article{hoffman2013stochastic,
  title={Stochastic variational inference},
  author={Hoffman, Matthew D and Blei, David M and Wang, Chong and Paisley, John},
  journal={The Journal of Machine Learning Research},
  volume={14},
  number={1},
  pages={1303--1347},
  year={2013},
  publisher={JMLR. org}
}

@article{vanhatalo2010approximate,
  title={Approximate inference for disease mapping with sparse Gaussian processes},
  author={Vanhatalo, Jarno and Pietil{\"a}inen, Ville and Vehtari, Aki},
  journal={Statistics in medicine},
  volume={29},
  number={15},
  pages={1580--1607},
  year={2010},
  publisher={Wiley Online Library}
}

@article{vanhatalo2012modelling,
  title={Modelling local and global phenomena with sparse Gaussian processes},
  author={Vanhatalo, Jarno and Vehtari, Aki},
  journal={arXiv preprint arXiv:1206.3290},
  year={2012}
}

@phdthesis{saatcci2012scalable,
  title={Scalable inference for structured Gaussian process models},
  author={Saat{\c{c}}i, Yunus},
  year={2012},
  school={Citeseer}
}

@inproceedings{cunningham2008fast,
  title={Fast Gaussian process methods for point process intensity estimation},
  author={Cunningham, John P and Shenoy, Krishna V and Sahani, Maneesh},
  booktitle={Proceedings of the 25th international conference on Machine learning},
  pages={192--199},
  year={2008},
  organization={ACM}
}

@inproceedings{wilson2015kernel,
  title={Kernel interpolation for scalable structured Gaussian processes (KISS-GP)},
  author={Wilson, Andrew and Nickisch, Hannes},
  booktitle={International Conference on Machine Learning},
  pages={1775--1784},
  year={2015}
}

@article{lazaro2010sparse,
  title={Sparse Gaussian processes for large-scale machine learning},
  author={L{\'a}zaro Gredilla, Miguel},
  year={2010}
}

@article{quia2010sparse,
  title={Sparse spectrum Gaussian process regression},
  author={Qui{\~n}onero-Candela, Joaquin and Rasmussen, Carl Edward and Figueiras-Vidal, An{\~A}bal R and others},
  journal={Journal of Machine Learning Research},
  volume={11},
  number={Jun},
  pages={1865--1881},
  year={2010}
}

@article{hensman2017variational,
  title={Variational Fourier features for Gaussian processes},
  author={Hensman, James and Durrande, Nicolas and Solin, Arno},
  journal={The Journal of Machine Learning Research},
  volume={18},
  number={1},
  pages={5537--5588},
  year={2017},
  publisher={JMLR. org}
}

@inproceedings{rahimi2008random,
  title={Random features for large-scale kernel machines},
  author={Rahimi, Ali and Recht, Benjamin},
  booktitle={Advances in neural information processing systems},
  pages={1177--1184},
  year={2008}
}

@inproceedings{rahimi2009weighted,
  title={Weighted sums of random kitchen sinks: Replacing minimization with randomization in learning},
  author={Rahimi, Ali and Recht, Benjamin},
  booktitle={Advances in neural information processing systems},
  pages={1313--1320},
  year={2009}
}

@inproceedings{gal2015improving,
  title={Improving the Gaussian process sparse spectrum approximation by representing uncertainty in frequency inputs},
  author={Gal, Yarin and Turner, Richard},
  booktitle={International Conference on Machine Learning},
  pages={655--664},
  year={2015}
}

@book{diggle2013statistical,
  title={Statistical analysis of spatial and spatio-temporal point patterns},
  author={Diggle, Peter J},
  year={2013},
  publisher={Chapman and Hall/CRC}
}

@book{carlin2014hierarchical,
  title={Hierarchical modeling and analysis for spatial data},
  author={Carlin, Bradley P and Gelfand, Alan E and Banerjee, Sudipto},
  year={2014},
  publisher={Chapman and Hall/CRC}
}

@article{deisenroth2015gaussian,
  title={Gaussian processes for data-efficient learning in robotics and control},
  author={Deisenroth, Marc Peter and Fox, Dieter and Rasmussen, Carl Edward},
  journal={IEEE transactions on pattern analysis and machine intelligence},
  volume={37},
  number={2},
  pages={408--423},
  year={2015},
  publisher={IEEE}
}

@article{sarkka2013spatiotemporal,
  title={Spatiotemporal learning via infinite-dimensional Bayesian filtering and smoothing: A look at Gaussian process regression through Kalman filtering},
  author={Särkkä, Simo and Solin, Arno and Hartikainen, Jouni},
  journal={IEEE Signal Processing Magazine},
  volume={30},
  number={4},
  pages={51--61},
  year={2013},
  publisher={IEEE}
}

@phdthesis{roberts2010bayesian,
  title={Bayesian Gaussian processes for sequential prediction, optimisation and quadrature},
  author={Roberts, Stephen J},
  year={2010},
  school={University of Oxford}
}

@article{briol2015probabilistic,
  title={Probabilistic integration: A role in statistical computation?},
  author={Briol, Fran{\c{c}}ois-Xavier and Oates, Chris and Girolami, Mark and Osborne, Michael A and Sejdinovic, Dino and others},
  journal={arXiv preprint arXiv:1512.00933},
  year={2015}
}

@article{hennig2015probabilistic,
  title={Probabilistic numerics and uncertainty in computations},
  author={Hennig, Philipp and Osborne, Michael A and Girolami, Mark},
  journal={Proc. R. Soc. A},
  volume={471},
  number={2179},
  pages={20150142},
  year={2015},
  publisher={The Royal Society}
}

@inproceedings{bui2014tree,
  title={Tree-structured Gaussian process approximations},
  author={Bui, Thang D and Turner, Richard E},
  booktitle={Advances in Neural Information Processing Systems},
  pages={2213--2221},
  year={2014}
}

@inproceedings{moore2015gaussian,
  title={Gaussian process random fields},
  author={Moore, David and Russell, Stuart J},
  booktitle={Advances in Neural Information Processing Systems},
  pages={3357--3365},
  year={2015}
}

@article{banerjee2008gaussian,
  title={Gaussian predictive process models for large spatial data sets},
  author={Banerjee, Sudipto and Gelfand, Alan E and Finley, Andrew O and Sang, Huiyan},
  journal={Journal of the Royal Statistical Society: Series B (Statistical Methodology)},
  volume={70},
  number={4},
  pages={825--848},
  year={2008},
  publisher={Wiley Online Library}
}

@misc{loeve1977probability,
  title={Probability theory. 1977},
  author={Lo{\`e}ve, M},
  year={1977},
  publisher={Springer-Verlag, New York}
}

@misc{trees1968detection,
  title={Detection, estimation and modulation theory, vol. 1},
  author={Trees, HLV},
  year={1968},
  publisher={Wiley New York}
}

@book{adler1981geometry,
  title={The geometry of random fields},
  author={Adler, Robert J},
  volume={62},
  year={1981},
  publisher={Siam}
}

@book{cramer2013stationary,
  title={Stationary and related stochastic processes: Sample function properties and their applications},
  author={Cram{\'e}r, Harald and Leadbetter, M Ross},
  year={2013},
  publisher={Courier Corporation}
}

@article{wahba1978improper,
  title={Improper priors, spline smoothing and the problem of guarding against model errors in regression},
  author={Wahba, Grace},
  journal={Journal of the Royal Statistical Society. Series B (Methodological)},
  pages={364--372},
  year={1978},
  publisher={JSTOR}
}

@article{kimeldorf1970correspondence,
  title={A correspondence between Bayesian estimation on stochastic processes and smoothing by splines},
  author={Kimeldorf, George S and Wahba, Grace},
  journal={The Annals of Mathematical Statistics},
  volume={41},
  number={2},
  pages={495--502},
  year={1970},
  publisher={JSTOR}
}

@book{wahba1990spline,
  title={Spline models for observational data},
  author={Wahba, Grace},
  volume={59},
  year={1990},
  publisher={Siam}
}

@misc{diggle2007springer,
  title={Springer series in statistics},
  author={Diggle, PJ and Ribeiro, PJ and Geostatistics, Model-based},
  year={2007},
  publisher={Springer}
}

@article{paciorek2007computational,
  title={Computational techniques for spatial logistic regression with large data sets},
  author={Paciorek, Christopher J},
  journal={Computational statistics \& data analysis},
  volume={51},
  number={8},
  pages={3631--3653},
  year={2007},
  publisher={Elsevier}
}

@article{paciorek2007bayesian,
  title={Bayesian smoothing with Gaussian processes using Fourier basis functions in the spectralGP package},
  author={Paciorek, Christopher J},
  journal={Journal of statistical software},
  volume={19},
  number={2},
  pages={nihpa22751},
  year={2007b},
  publisher={NIH Public Access}
}

@article{wood2003thin,
  title={Thin plate regression splines},
  author={Wood, Simon N},
  journal={Journal of the Royal Statistical Society: Series B (Statistical Methodology)},
  volume={65},
  number={1},
  pages={95--114},
  year={2003},
  publisher={Wiley Online Library}
}

@article{bernardo1998regression,
  title={Regression and classification using Gaussian process priors},
  author={Bernardo, J and Berger, J and Dawid, A and Smith, A and others},
  journal={Bayesian statistics},
  volume={6},
  pages={475},
  year={1998}
}

@article{neal1997monte,
  title={Monte Carlo implementation of Gaussian process models for Bayesian regression and classification},
  author={Neal, Radford M},
  journal={arXiv preprint physics/9701026},
  year={1997}
}

@book{brooks_2011,
  title={Handbook of markov chain monte carlo},
  author={Brooks, Steve and Gelman, Andrew and Jones, Galin and Meng, Xiao-Li},
  year={2011},
  publisher={CRC press}
}

@article{williams1998bayesian,
  title={Bayesian classification with Gaussian processes},
  author={Williams, Christopher KI and Barber, David},
  journal={IEEE Transactions on Pattern Analysis and Machine Intelligence},
  volume={20},
  number={12},
  pages={1342--1351},
  year={1998},
  publisher={IEEE}
}

@inproceedings{minka2001expectation,
  title={Expectation propagation for approximate Bayesian inference},
  author={Minka, Thomas P},
  booktitle={Proceedings of the Seventeenth conference on Uncertainty in artificial intelligence},
  pages={362--369},
  year={2001},
  organization={Morgan Kaufmann Publishers Inc.}
}

@article{gibbs2000variational,
  title={Variational Gaussian process classifiers},
  author={Gibbs, Mark N and MacKay, David JC},
  journal={IEEE Transactions on Neural Networks},
  volume={11},
  number={6},
  pages={1458--1464},
  year={2000},
  publisher={IEEE}
}

@inproceedings{csato2000efficient,
  title={Efficient approaches to gaussian process classification},
  author={Csat{\'o}, Lehel and Fokou{\'e}, Ernest and Opper, Manfred and Schottky, Bernhard and Winther, Ole},
  booktitle={Advances in neural information processing systems},
  pages={251--257},
  year={2000}
}

@article{akhiezer1993theory,
  title={Theory of Linear Operators in Hilbert Space (Ungar, New York, 1963)},
  author={Akhiezer, NI and Glazman, IM},
  journal={Vol. II},
  pages={121--126},
  year={1993}
}

@article{carpenter2017stan,
  title={Stan: A probabilistic programming language},
  author={Carpenter, Bob and Gelman, Andrew and Hoffman, Matthew D and Lee, Daniel and Goodrich, Ben and Betancourt, Michael and Brubaker, Marcus and Guo, Jiqiang and Li, Peter and Riddell, Allen},
  journal={Journal of statistical software},
  volume={76},
  number={1},
  year={2017},
  publisher={Columbia Univ., New York, NY (United States); Harvard Univ., Cambridge, MA~…}
}

@book{wood2017generalized,
  title={Generalized additive models: an introduction with R},
  author={Wood, Simon N},
  year={2017},
  publisher={Chapman and Hall/CRC}
}



